# Algebraic effects
@inproceedings{Plotkin2001,
  author    = {Gordon D. Plotkin and
               John Power},
  title     = {Adequacy for Algebraic Effects},
  booktitle = {Foundations of Software Science and Computation Structures, 4th International
               Conference, {FOSSACS} 2001 Held as Part of the Joint European Conferences
               on Theory and Practice of Software, {ETAPS} 2001 Genova, Italy, April
               2-6, 2001, Proceedings},
  pages     = {1--24},
  year      = {2001},
  crossref  = {DBLP:conf/fossacs/2001},
  url       = {http://dx.doi.org/10.1007/3-540-45315-6_1},
  doi       = {10.1007/3-540-45315-6_1},
  timestamp = {Mon, 27 Jun 2011 17:48:06 +0200},
  biburl    = {http://dblp.uni-trier.de/rec/bib/conf/fossacs/PlotkinP01},
  bibsource = {dblp computer science bibliography, http://dblp.org}
}

# References on row polymorphism
@InCollection{Remy1993,
  author = {Didier R{\'e}my},
  title = {Type Inference for Records in a Natural Extension of {ML}},
  booktitle = {Theoretical Aspects Of Object-Oriented Programming. 
              Types, Semantics and Language Design},
  publisher = {MIT Press},
  year = 1993,
  editor = {Carl A. Gunter and John C. Mitchell},
  category = {A},
  abstract = {
    We describe an extension of ML with  records where inheritance is
    given  by ML   generic  polymorphism.  All common  operations  on
    records but  concatenation are supported,    in particular the  free
    extension of records.  Other  operations such as renaming  of fields
    are added.  The solution relies on an extension  of ML, where the
    language of types is sorted  and considered modulo equations, and on
    a record extension of types.  The solution is simple and modular and
    the type inference algorithm is efficient in practice.
      },
  hidedvi = {http://gallium.inria.fr/~remy/ftp/taoop1.dvi.gz},
  hideps = {http://gallium.inria.fr/~remy/ftp/taoop1.ps.gz},
  pdf = {http://gallium.inria.fr/~remy/ftp/taoop1.pdf}
}


# References on Haskell handlers implementation
@InProceedings{Wu2014,
 author = {Nicolas Wu and Tom Schrijvers and Ralf Hinze},
 title = {Effect Handlers in Scope},
 booktitle = {Proceedings of the 2014 ACM SIGPLAN Symposium on Haskell},
 series = {Haskell '14},
 year = {2014},
 isbn = {978-1-4503-3041-1},
 location = {Gothenburg, Sweden},
 pages = {1--12},
 numpages = {12},
 url = {http://doi.acm.org/10.1145/2633357.2633358},
 doi = {10.1145/2633357.2633358},
 acmid = {2633358},
 publisher = {ACM},
 address = {New York, NY, USA},
 keywords = {Haskell, effect handlers, modularity, monads, semantics, syntax},
} 

@InProceedings{Kammar2013,
 author = {Kammar, Ohad and Lindley, Sam and Oury, Nicolas},
 title = {Handlers in Action},
 booktitle = {Proceedings of the 18th ACM SIGPLAN International Conference on Functional Programming},
 series = {ICFP '13},
 year = {2013},
 isbn = {978-1-4503-2326-0},
 location = {Boston, Massachusetts, USA},
 pages = {145--158},
 numpages = {14},
 url = {http://doi.acm.org/10.1145/2500365.2500590},
 doi = {10.1145/2500365.2500590},
 acmid = {2500590},
 publisher = {ACM},
 address = {New York, NY, USA},
 keywords = {algebraic effects, continuations, effect handlers, effect typing, haskell, modularity, monads},
} 

# References on Eff
@Article{Bauer2015,
  author    = {Andrej Bauer and
               Matija Pretnar},
  title     = {Programming with algebraic effects and handlers},
  journal   = {Journal of Logic and Algebraic Methods in Programming},
  volume    = {84},
  number    = {1},
  pages     = {108--123},
  year      = {2015},
  url       = {http://dx.doi.org/10.1016/j.jlamp.2014.02.001},
  doi       = {10.1016/j.jlamp.2014.02.001},
  timestamp = {Wed, 20 Jun 4437629 23:30:40 +},
  biburl    = {http://dblp.uni-trier.de/rec/bib/journals/jlp/BauerP15},
  bibsource = {dblp computer science bibliography, http://dblp.org}
}

# References on Idris' Effects
@InProceedings{Brady2013,
  author    = {Edwin Brady},
  title     = {Programming and reasoning with algebraic effects and dependent types},
  booktitle = {{ACM} {SIGPLAN} International Conference on Functional Programming,
               ICFP'13, Boston, MA, {USA} - September 25 - 27, 2013},
  pages     = {133--144},
  year      = {2013},
  url       = {http://doi.acm.org/10.1145/2500365.2500581},
  doi       = {10.1145/2500365.2500581},
  timestamp = {Thu, 19 Sep 2013 11:26:38 +0200},
  biburl    = {http://dblp.uni-trier.de/rec/bib/conf/icfp/Brady13},
  bibsource = {dblp computer science bibliography, http://dblp.org}
}

# References on theory of handlers and effects
@InProceedings{Lindley2014,
  author    = {Sam Lindley},
  title     = {Algebraic effects and effect handlers for idioms and arrows},
  booktitle = {Proceedings of the 10th {ACM} {SIGPLAN} workshop on Generic programming,
               {WGP} 2014, Gothenburg, Sweden, August 31, 2014},
  pages     = {47--58},
  year      = {2014},
  crossref  = {DBLP:conf/icfp/2014wgp},
  url       = {http://doi.acm.org/10.1145/2633628.2633636},
  doi       = {10.1145/2633628.2633636},
  timestamp = {Thu, 25 Jun 2015 13:50:37 +0200},
  biburl    = {http://dblp.uni-trier.de/rec/bib/conf/icfp/Lindley14},
  bibsource = {dblp computer science bibliography, http://dblp.org}
}

@article{Plotkin2013,
  author    = {Gordon D. Plotkin and
               Matija Pretnar},
  title     = {Handling Algebraic Effects},
  journal   = {Logical Methods in Computer Science},
  volume    = {9},
  number    = {4},
  year      = {2013},
  url       = {http://dx.doi.org/10.2168/LMCS-9(4:23)2013},
  doi       = {10.2168/LMCS-9(4:23)2013},
  timestamp = {Thu, 31 Aug 4448958 16:06:56 +},
  biburl    = {http://dblp.uni-trier.de/rec/bib/journals/corr/PlotkinP13},
  bibsource = {dblp computer science bibliography, http://dblp.org}
}


# References on Links
@InProceedings{Cooper2006,
  author    = {Ezra Cooper and
               Sam Lindley and
               Philip Wadler and
               Jeremy Yallop},
  title     = {Links: Web Programming Without Tiers},
  booktitle = {Formal Methods for Components and Objects, 5th International Symposium,
               {FMCO} 2006, Amsterdam, The Netherlands, November 7-10, 2006, Revised
               Lectures},
  pages     = {266--296},
  year      = {2006},
  crossref  = {DBLP:conf/fmco/2006},
  url       = {http://dx.doi.org/10.1007/978-3-540-74792-5_12},
  doi       = {10.1007/978-3-540-74792-5_12},
  timestamp = {Thu, 07 Aug 2008 14:36:41 +0200},
  biburl    = {http://dblp.uni-trier.de/rec/bib/conf/fmco/CooperLWY06},
  bibsource = {dblp computer science bibliography, http://dblp.org}
}

@MastersThesis{Hillerstrom2015,
    author     =     {Daniel Hillerstr√∂m},
    title      =     {Handlers for Algebraic Effects in Links},
    school     =     {School of Informatics, the University of Edinburgh, Scotland},
    year       =     2015,
    note       =     {Supervised by Sam Lindley.}
}

# Compilation
@InProceedings{Flanagan1993,
 author = {Cormac Flanagan and Amr Sabry and Bruce F. Duba and Matthias Felleisen},
 title = {The Essence of Compiling with Continuations},
 booktitle = {Proceedings of the ACM SIGPLAN 1993 Conference on Programming Language Design and Implementation},
 series = {PLDI '93},
 year = {1993},
 isbn = {0-89791-598-4},
 location = {Albuquerque, New Mexico, USA},
 pages = {237--247},
 numpages = {11},
 url = {http://doi.acm.org/10.1145/155090.155113},
 doi = {10.1145/155090.155113},
 acmid = {155113},
 publisher = {ACM},
 address = {New York, NY, USA},
}

# Multicore OCaml
@misc{Dolan2015,
  title = {Effective Concurrency through Algebraic Effects},
  author = {Stephen Dolan and Leo White and KC Sivaramakrishnan and Jeremy Yallop and Anil Madhavapeddy},
  year = {2015},
  month = {9},
  note = {OCaml Workshop}
}


# High-performance computing
@article{Bosilca2013,
  TITLE = {{PaRSEC: A programming paradigm exploiting heterogeneity for enhancing scalability}},
  AUTHOR = {Bosilca, George and Bouteiller, Aur{\'e}lien and Danalis, Anthony and Faverge, Mathieu and H{\'e}rault, Thomas and Dongarra, Jack},
  URL = {https://hal.inria.fr/hal-00930217},
  JOURNAL = {{Computing in Science and Engineering}},
  PUBLISHER = {{Institute of Electrical and Electronics Engineers}},
  VOLUME = {15},
  NUMBER = {6},
  PAGES = {36-45},
  YEAR = {2013},
  MONTH = Nov,
  DOI = {10.1109/MCSE.2013.98},
  HAL_ID = {hal-00930217},
  HAL_VERSION = {v1},
}

@techreport{YarKhan2011,
 author      = {YarKhan, A. and Kurzak, J. and Dongarra, J.},
 title       = {QUARK Users' Guide: QUeueing And Runtime for Kernels},
 booktitle   = {University of Tennessee Innovative Computing Laboratory Technical Report},
 institution = {Innovative Computing Laboratory, University of Tennessee},
 year        = {2011}
}

@article{Bellens2009,
  author    = {Pieter Bellens and
               Josep M. P{\'{e}}rez and
               Felipe Cabarcas and
               Alex Ram{\'{\i}}rez and
               Rosa M. Badia and
               Jes{\'{u}}s Labarta},
  title     = {CellSs: Scheduling techniques to better exploit memory hierarchy},
  journal   = {Scientific Programming},
  volume    = {17},
  number    = {1-2},
  pages     = {77--95},
  year      = {2009},
  url       = {http://dx.doi.org/10.3233/SPR-2009-0272},
  doi       = {10.3233/SPR-2009-0272},
  timestamp = {Thu, 20 Aug 2009 10:44:42 +0200},
  biburl    = {http://dblp.uni-trier.de/rec/bib/journals/sp/BellensPCRBL09},
  bibsource = {dblp computer science bibliography, http://dblp.org}
}

@article{Planas2009,
  author    = {Judit Planas and
               Rosa M. Badia and
               Eduard Ayguad{\'{e}} and
               Jes{\'{u}}s Labarta},
  title     = {Hierarchical Task-Based Programming With StarSs},
  journal   = {{IJHPCA}},
  volume    = {23},
  number    = {3},
  pages     = {284--299},
  year      = {2009},
  url       = {http://dx.doi.org/10.1177/1094342009106195},
  doi       = {10.1177/1094342009106195},
  timestamp = {Sat, 07 Nov 2009 15:25:25 +0100},
  biburl    = {http://dblp.uni-trier.de/rec/bib/journals/ijhpca/PlanasBAL09},
  bibsource = {dblp computer science bibliography, http://dblp.org}
}

@article{Augonnet2011,
  author    = {C{\'{e}}dric Augonnet and
               Samuel Thibault and
               Raymond Namyst and
               Pierre{-}Andr{\'{e}} Wacrenier},
  title     = {StarPU: a unified platform for task scheduling on heterogeneous multicore
               architectures},
  journal   = {Concurrency and Computation: Practice and Experience},
  volume    = {23},
  number    = {2},
  pages     = {187--198},
  year      = {2011},
  url       = {http://dx.doi.org/10.1002/cpe.1631},
  doi       = {10.1002/cpe.1631},
  timestamp = {Mon, 17 Jan 2011 15:16:17 +0100},
  biburl    = {http://dblp.uni-trier.de/rec/bib/journals/concurrency/AugonnetTNW11},
  bibsource = {dblp computer science bibliography, http://dblp.org}
}

@inproceedings{Augonnet2012,
  author    = {C{\'{e}}dric Augonnet and
               Olivier Aumage and
               Nathalie Furmento and
               Raymond Namyst and
               Samuel Thibault},
  title     = {StarPU-MPI: Task Programming over Clusters of Machines Enhanced with
               Accelerators},
  booktitle = {Recent Advances in the Message Passing Interface - 19th European {MPI}
               Users' Group Meeting, EuroMPI 2012, Vienna, Austria, September 23-26,
               2012. Proceedings},
  pages     = {298--299},
  year      = {2012},
  crossref  = {DBLP:conf/pvm/2012},
  url       = {http://dx.doi.org/10.1007/978-3-642-33518-1_40},
  doi       = {10.1007/978-3-642-33518-1_40},
  timestamp = {Tue, 11 Sep 2012 16:08:21 +0200},
  biburl    = {http://dblp.uni-trier.de/rec/bib/conf/pvm/AugonnetAFNT12},
  bibsource = {dblp computer science bibliography, http://dblp.org}
}

@inproceedings{Agullo2015,
  author    = {Emmanuel Agullo and
               Olivier Beaumont and
               Lionel Eyraud{-}Dubois and
               Julien Herrmann and
               Suraj Kumar and
               Loris Marchal and
               Samuel Thibault},
  title     = {Bridging the Gap between Performance and Bounds of Cholesky Factorization
               on Heterogeneous Platforms},
  booktitle = {2015 {IEEE} International Parallel and Distributed Processing Symposium
               Workshop, {IPDPS} 2015, Hyderabad, India, May 25-29, 2015},
  pages     = {34--45},
  year      = {2015},
  crossref  = {DBLP:conf/ipps/2015w},
  url       = {http://dx.doi.org/10.1109/IPDPSW.2015.35},
  doi       = {10.1109/IPDPSW.2015.35},
  timestamp = {Thu, 08 Oct 2015 09:23:53 +0200},
  biburl    = {http://dblp2.uni-trier.de/rec/bib/conf/ipps/AgulloBEHKMT15},
  bibsource = {dblp computer science bibliography, http://dblp.org}
}

# Misc
@book{Berman2003,
 author = {Berman, Fran and Fox, Geoffrey and Hey, Anthony J. G.},
 editor = {Hey, Tony},
 title = {Grid Computing: Making the Global Infrastructure a Reality},
 year = {2003},
 isbn = {0470853190},
 chapter = 12,
 publisher = {John Wiley \& Sons, Inc.},
 address = {New York, NY, USA},
}

# Crossreferences
@Proceedings{DBLP:conf/icfp/2014wgp,
  editor    = {Jos{\'{e}} Pedro Magalh{\~{a}}es and
               Tiark Rompf},
  title     = {Proceedings of the 10th {ACM} {SIGPLAN} workshop on Generic programming,
               {WGP} 2014, Gothenburg, Sweden, August 31, 2014},
  publisher = {{ACM}},
  year      = {2014},
  url       = {http://doi.acm.org/10.1145/2633628},
  doi       = {10.1145/2633628},
  isbn      = {978-1-4503-3042-8},
  timestamp = {Thu, 25 Jun 2015 13:50:37 +0200},
  biburl    = {http://dblp.uni-trier.de/rec/bib/conf/icfp/2014wgp},
  bibsource = {dblp computer science bibliography, http://dblp.org}
}

@Proceedings{DBLP:conf/icfp/2013,
  editor    = {Greg Morrisett and
               Tarmo Uustalu},
  title     = {{ACM} {SIGPLAN} International Conference on Functional Programming,
               ICFP'13, Boston, MA, {USA} - September 25 - 27, 2013},
  publisher = {{ACM}},
  year      = {2013},
  url       = {http://dl.acm.org/citation.cfm?id=2500365},
  isbn      = {978-1-4503-2326-0},
  timestamp = {Thu, 19 Sep 2013 11:20:00 +0200},
  biburl    = {http://dblp.uni-trier.de/rec/bib/conf/icfp/2013},
  bibsource = {dblp computer science bibliography, http://dblp.org}
}


@Proceedings{DBLP:conf/fmco/2006,
  editor    = {Frank S. de Boer and
               Marcello M. Bonsangue and
               Susanne Graf and
               Willem P. de Roever},
  title     = {Formal Methods for Components and Objects, 5th International Symposium,
               {FMCO} 2006, Amsterdam, The Netherlands, November 7-10, 2006, Revised
               Lectures},
  series    = {Lecture Notes in Computer Science},
  volume    = {4709},
  publisher = {Springer},
  year      = {2007},
  isbn      = {978-3-540-74791-8},
  timestamp = {Thu, 07 Aug 2008 14:35:42 +0200},
  biburl    = {http://dblp.uni-trier.de/rec/bib/conf/fmco/2006},
  bibsource = {dblp computer science bibliography, http://dblp.org}
}

@proceedings{DBLP:conf/popl/2012,
  editor    = {John Field and
               Michael Hicks},
  title     = {Proceedings of the 39th {ACM} {SIGPLAN-SIGACT} Symposium on Principles
               of Programming Languages, {POPL} 2012, Philadelphia, Pennsylvania,
               USA, January 22-28, 2012},
  publisher = {{ACM}},
  year      = {2012},
  url       = {http://dl.acm.org/citation.cfm?id=2103656},
  isbn      = {978-1-4503-1083-3},
  timestamp = {Tue, 22 May 2012 15:24:56 +0200},
  biburl    = {http://dblp.uni-trier.de/rec/bib/conf/popl/2012},
  bibsource = {dblp computer science bibliography, http://dblp.org}
}

@proceedings{DBLP:conf/fossacs/2001,
  editor    = {Furio Honsell and
               Marino Miculan},
  title     = {Foundations of Software Science and Computation Structures, 4th International
               Conference, {FOSSACS} 2001 Held as Part of the Joint European Conferences
               on Theory and Practice of Software, {ETAPS} 2001 Genova, Italy, April
               2-6, 2001, Proceedings},
  series    = {Lecture Notes in Computer Science},
  volume    = {2030},
  publisher = {Springer},
  year      = {2001},
  isbn      = {3-540-41864-4},
  timestamp = {Mon, 18 Mar 2002 09:02:50 +0100},
  biburl    = {http://dblp.uni-trier.de/rec/bib/conf/fossacs/2001},
  bibsource = {dblp computer science bibliography, http://dblp.org}
}

@proceedings{DBLP:conf/tldi/2012,
  editor    = {Benjamin C. Pierce},
  title     = {Proceedings of {TLDI} 2012: The Seventh {ACM} {SIGPLAN} Workshop on
               Types in Languages Design and Implementation, Philadelphia, PA, USA,
               Saturday, January 28, 2012},
  publisher = {{ACM}},
  year      = {2012},
  url       = {http://dl.acm.org/citation.cfm?id=2103786},
  isbn      = {978-1-4503-1120-5},
  timestamp = {Fri, 18 May 2012 21:46:11 +0200},
  biburl    = {http://dblp.uni-trier.de/rec/bib/conf/tldi/2012},
  bibsource = {dblp computer science bibliography, http://dblp.org}
}

@proceedings{DBLP:conf/pvm/2012,
  editor    = {Jesper Larsson Tr{\"{a}}ff and
               Siegfried Benkner and
               Jack J. Dongarra},
  title     = {Recent Advances in the Message Passing Interface - 19th European {MPI}
               Users' Group Meeting, EuroMPI 2012, Vienna, Austria, September 23-26,
               2012. Proceedings},
  series    = {Lecture Notes in Computer Science},
  volume    = {7490},
  publisher = {Springer},
  year      = {2012},
  url       = {http://dx.doi.org/10.1007/978-3-642-33518-1},
  doi       = {10.1007/978-3-642-33518-1},
  isbn      = {978-3-642-33517-4},
  timestamp = {Tue, 11 Sep 2012 15:59:51 +0200},
  biburl    = {http://dblp.uni-trier.de/rec/bib/conf/pvm/2012},
  bibsource = {dblp computer science bibliography, http://dblp.org}
}

@proceedings{DBLP:conf/ipps/2015w,
  title     = {2015 {IEEE} International Parallel and Distributed Processing Symposium
               Workshop, {IPDPS} 2015, Hyderabad, India, May 25-29, 2015},
  publisher = {{IEEE}},
  year      = {2015},
  url       = {http://ieeexplore.ieee.org/xpl/mostRecentIssue.jsp?punumber=7275194},
  isbn      = {978-1-4673-7684-6},
  timestamp = {Thu, 08 Oct 2015 08:58:18 +0200},
  biburl    = {http://dblp2.uni-trier.de/rec/bib/conf/ipps/2015w},
  bibsource = {dblp computer science bibliography, http://dblp.org}
}
