@inproceedings{Plotkin2001,
  author    = {Gordon D. Plotkin and
               John Power},
  title     = {Adequacy for Algebraic Effects},
  booktitle = {Foundations of Software Science and Computation Structures, 4th International
               Conference, {FOSSACS} 2001 Held as Part of the Joint European Conferences
               on Theory and Practice of Software, {ETAPS} 2001 Genova, Italy, April
               2-6, 2001, Proceedings},
  pages     = {1--24},
  year      = {2001},
  crossref  = {DBLP:conf/fossacs/2001},
  url       = {http://dx.doi.org/10.1007/3-540-45315-6_1},
  doi       = {10.1007/3-540-45315-6_1},
  timestamp = {Mon, 27 Jun 2011 17:48:06 +0200},
  biburl    = {http://dblp.uni-trier.de/rec/bib/conf/fossacs/PlotkinP01},
  bibsource = {dblp computer science bibliography, http://dblp.org}
}


Crossreferences
@proceedings{DBLP:conf/fossacs/2001,
  editor    = {Furio Honsell and
               Marino Miculan},
  title     = {Foundations of Software Science and Computation Structures, 4th International
               Conference, {FOSSACS} 2001 Held as Part of the Joint European Conferences
               on Theory and Practice of Software, {ETAPS} 2001 Genova, Italy, April
               2-6, 2001, Proceedings},
  series    = {Lecture Notes in Computer Science},
  volume    = {2030},
  publisher = {Springer},
  year      = {2001},
  isbn      = {3-540-41864-4},
  timestamp = {Mon, 18 Mar 2002 09:02:50 +0100},
  biburl    = {http://dblp.uni-trier.de/rec/bib/conf/fossacs/2001},
  bibsource = {dblp computer science bibliography, http://dblp.org}
}

