@MISC{Hillerstrom2016,
  author = {Daniel Hillerstr√∂m and Sam Lindley},
  title  = {Liberating effects with rows and handlers},
  year   = 2016,
  month  = {March},
  howpublished = {Submitted, draft}
}

@inproceedings{Cooper2006,
  author    = {Ezra Cooper and
               Sam Lindley and
               Philip Wadler and
               Jeremy Yallop},
  editor    = {Frank S. de Boer and
               Marcello M. Bonsangue and
               Susanne Graf and
               Willem P. de Roever},
  title     = {Links: Web Programming Without Tiers},
  booktitle = {Formal Methods for Components and Objects, 5th International Symposium,
               {FMCO} 2006, Amsterdam, The Netherlands, November 7-10, 2006, Revised
               Lectures},
  series    = {Lecture Notes in Computer Science},
  volume    = {4709},
  pages     = {266--296},
  publisher = {Springer},
  year      = {2006},
  url       = {http://dx.doi.org/10.1007/978-3-540-74792-5_12},
  OPTdoi       = {10.1007/978-3-540-74792-5_12},
  timestamp = {Thu, 07 Aug 2008 14:36:41 +0200},
  biburl    = {http://dblp.uni-trier.de/rec/bib/conf/fmco/CooperLWY06},
  bibsource = {dblp computer science bibliography, http://dblp.org}
}

@InProceedings{Kammar2013,
 author = {Kammar, Ohad and Lindley, Sam and Oury, Nicolas},
 title = {Handlers in Action},
 booktitle = {Proceedings of the 18th ACM SIGPLAN International Conference on Functional Programming},
 series = {ICFP '13},
 year = {2013},
 isbn = {978-1-4503-2326-0},
 location = {Boston, Massachusetts, USA},
 pages = {145--158},
 numpages = {14},
 url = {http://doi.acm.org/10.1145/2500365.2500590},
 OPTdoi = {10.1145/2500365.2500590},
 acmid = {2500590},
 publisher = {ACM},
 address = {New York, NY, USA},
 keywords = {algebraic effects, continuations, effect handlers, effect typing, haskell, modularity, monads},
}

@misc{Dolan2015,
  title = {Effective Concurrency through Algebraic Effects},
  author = {Stephen Dolan and Leo White and KC Sivaramakrishnan and Jeremy Yallop and Anil Madhavapeddy},
  year = {2015},
  month = {9},
  note = {OCaml Workshop}
}

@article{Planas2009,
  author    = {Judit Planas and
               Rosa M. Badia and
               Eduard Ayguad{\'{e}} and
               Jes{\'{u}}s Labarta},
  title     = {Hierarchical Task-Based Programming With StarSs},
  journal   = {{IJHPCA}},
  volume    = {23},
  number    = {3},
  pages     = {284--299},
  year      = {2009},
  url       = {http://dx.doi.org/10.1177/1094342009106195},
  doi       = {10.1177/1094342009106195},
  timestamp = {Sat, 07 Nov 2009 15:25:25 +0100},
  biburl    = {http://dblp.uni-trier.de/rec/bib/journals/ijhpca/PlanasBAL09},
  bibsource = {dblp computer science bibliography, http://dblp.org}
}

@article{Augonnet2011,
  author    = {C{\'{e}}dric Augonnet and
               Samuel Thibault and
               Raymond Namyst and
               Pierre{-}Andr{\'{e}} Wacrenier},
  title     = {StarPU: a unified platform for task scheduling on heterogeneous multicore
               architectures},
  journal   = {Concurrency and Computation: Practice and Experience},
  volume    = {23},
  number    = {2},
  pages     = {187--198},
  year      = {2011},
  url       = {http://dx.doi.org/10.1002/cpe.1631},
  doi       = {10.1002/cpe.1631},
  timestamp = {Mon, 17 Jan 2011 15:16:17 +0100},
  biburl    = {http://dblp.uni-trier.de/rec/bib/journals/concurrency/AugonnetTNW11},
  bibsource = {dblp computer science bibliography, http://dblp.org}
}

@misc{Openacc2013,
 author = {{OpenACC-Standard.org}},
 title = {{OpenACC} Application Programming Interface Version 2.0},
 month = june,
 year  = 2013,
 url   = {http://www.openacc.org/sites/default/files/OpenACC\%202\%200.pdf}
}

@misc{Openmp2013,
 author = {{OpenMP Architecture Review Board}},
 title = {{OpenMP} Application Program Interface Version 4.0},
 month = july,
 year = 2013,
 url = {http://www.openmp.org/mp-documents/OpenMP4.0.0.pdf}
}