# Daniel's master's thesis
@MastersThesis{Hillerstrom2015,
  author    =     {Daniel Hillerstr√∂m},
  title     =     {{Handlers for Algebraic Effects in Links}},
  school    =     {University of Edinburgh},
  address   =     {Scotland},
  year      =     {2015},
}

# References on row polymorphism
@InCollection{Remy1994,
 author = {R{\'e}my, Didier},
 chapter = {Type Inference for Records in Natural Extension of ML},
 title = {Theoretical Aspects of Object-oriented Programming},
 editor = {Gunter, Carl A. and Mitchell, John C.},
 year = {1994},
 isbn = {0-262-07155-X},
 pages = {67--95},
 numpages = {29},
 url = {http://dl.acm.org/citation.cfm?id=186677.186689},
 acmid = {186689},
 publisher = {MIT Press},
 address = {Cambridge, MA, USA},
} 

@InProceedings{Wand87,
  title={Complete type inference for simple objects},
  author={Wand, Mitchell},
  booktitle={LICS},
  volume={87},
  pages={37--44},
  year={1987}
}


# Core references on handlers
@InProceedings{Wu2014,
 author = {Nicolas Wu and Tom Schrijvers and Ralf Hinze},
 title = {Effect Handlers in Scope},
 booktitle = {Proceedings of the 2014 ACM SIGPLAN Symposium on Haskell},
 series = {Haskell '14},
 year = {2014},
 isbn = {978-1-4503-3041-1},
 location = {Gothenburg, Sweden},
 pages = {1--12},
 numpages = {12},
 url = {http://doi.acm.org/10.1145/2633357.2633358},
 OPTdoi = {10.1145/2633357.2633358},
 acmid = {2633358},
 publisher = {ACM},
 address = {New York, NY, USA},
 keywords = {Haskell, effect handlers, modularity, monads, semantics, syntax},
} 

@InProceedings{Kammar2013,
 author = {Kammar, Ohad and Lindley, Sam and Oury, Nicolas},
 title = {Handlers in Action},
 booktitle = {Proceedings of the 18th ACM SIGPLAN International Conference on Functional Programming},
 series = {ICFP '13},
 year = {2013},
 isbn = {978-1-4503-2326-0},
 location = {Boston, Massachusetts, USA},
 pages = {145--158},
 numpages = {14},
 url = {http://doi.acm.org/10.1145/2500365.2500590},
 OPTdoi = {10.1145/2500365.2500590},
 acmid = {2500590},
 publisher = {ACM},
 address = {New York, NY, USA},
 keywords = {algebraic effects, continuations, effect handlers, effect typing, haskell, modularity, monads},
}

@InProceedings{Lindley2014,
  author    = {Sam Lindley},
  editor    = {Jos{\'{e}} Pedro Magalh{\~{a}}es and
               Tiark Rompf},
  title     = {Algebraic effects and effect handlers for idioms and arrows},
  booktitle = {Proceedings of the 10th {ACM} {SIGPLAN} workshop on Generic programming,
               {WGP} 2014, Gothenburg, Sweden, August 31, 2014},
  pages     = {47--58},
  publisher = {{ACM}},
  year      = {2014},
  url       = {http://doi.acm.org/10.1145/2633628.2633636},
  OPTdoi       = {10.1145/2633628.2633636},
  timestamp = {Thu, 25 Jun 2015 13:50:37 +0200},
  biburl    = {http://dblp.uni-trier.de/rec/bib/conf/icfp/Lindley14},
  bibsource = {dblp computer science bibliography, http://dblp.org}
}

@article{Plotkin2013,
  author    = {Gordon D. Plotkin and
               Matija Pretnar},
  title     = {Handling Algebraic Effects},
  journal   = {Logical Methods in Computer Science},
  volume    = {9},
  number    = {4},
  year      = {2013},
  url       = {http://dx.doi.org/10.2168/LMCS-9(4:23)2013},
  OPTdoi       = {10.2168/LMCS-9(4:23)2013},
  timestamp = {Thu, 31 Aug 4448958 16:06:56 +},
  biburl    = {http://dblp.uni-trier.de/rec/bib/journals/corr/PlotkinP13},
  bibsource = {dblp computer science bibliography, http://dblp.org}
}

@article{Plotkin2003,
  author    = {Gordon D. Plotkin and
               John Power},
  title     = {Algebraic Operations and Generic Effects},
  journal   = {Applied Categorical Structures},
  volume    = {11},
  number    = {1},
  pages     = {69--94},
  year      = {2003},
  url       = {http://dx.doi.org/10.1023/A:1023064908962},
  OPTdoi       = {10.1023/A:1023064908962},
  timestamp = {Mon, 29 May 2006 12:06:44 +0200},
  biburl    = {http://dblp.uni-trier.de/rec/bib/journals/acs/PlotkinP03},
  bibsource = {dblp computer science bibliography, http://dblp.org}
}

@inproceedings{Plotkin2001,
  author    = {Gordon D. Plotkin and
               John Power},
  editor    = {Furio Honsell and
               Marino Miculan},
  title     = {Adequacy for Algebraic Effects},
  booktitle = {Foundations of Software Science and Computation Structures, 4th International
               Conference, {FOSSACS} 2001 Held as Part of the Joint European Conferences
               on Theory and Practice of Software, {ETAPS} 2001 Genova, Italy, April
               2-6, 2001, Proceedings},
  series    = {Lecture Notes in Computer Science},
  volume    = {2030},
  pages     = {1--24},
  publisher = {Springer},
  year      = {2001},
  url       = {http://dx.doi.org/10.1007/3-540-45315-6_1},
  OPTdoi       = {10.1007/3-540-45315-6_1},
  timestamp = {Mon, 27 Jun 2011 17:48:06 +0200},
  biburl    = {http://dblp.uni-trier.de/rec/bib/conf/fossacs/PlotkinP01},
  bibsource = {dblp computer science bibliography, http://dblp.org}
}

@article{Pretnar2015,
  author    = {Matija Pretnar},
  title     = {An Introduction to Algebraic Effects and Handlers. Invited tutorial
               paper},
  journal   = {Electr. Notes Theor. Comput. Sci.},
  volume    = {319},
  pages     = {19--35},
  year      = {2015},
  url       = {http://dx.doi.org/10.1016/j.entcs.2015.12.003},
  OPTdoi       = {10.1016/j.entcs.2015.12.003},
  timestamp = {Tue, 29 Dec 2015 10:17:02 +0100},
  biburl    = {http://dblp.uni-trier.de/rec/bib/journals/entcs/Pretnar15},
  bibsource = {dblp computer science bibliography, http://dblp.org}
}

@article{Bauer2015,
  author    = {Andrej Bauer and
               Matija Pretnar},
  title     = {Programming with algebraic effects and handlers},
  journal   = {J. Log. Algebr. Meth. Program.},
  volume    = {84},
  number    = {1},
  pages     = {108--123},
  year      = {2015},
  url       = {http://dx.doi.org/10.1016/j.jlamp.2014.02.001},
  OPTdoi       = {10.1016/j.jlamp.2014.02.001},
  timestamp = {Wed, 07 Jan 2015 15:54:11 +0100},
  biburl    = {http://dblp.uni-trier.de/rec/bib/journals/jlp/BauerP15},
  bibsource = {dblp computer science bibliography, http://dblp.org}
}

@article{BauerP13,
  author    = {Andrej Bauer and
               Matija Pretnar},
  title     = {An Effect System for Algebraic Effects and Handlers},
  journal   = {Logical Methods in Computer Science},
  volume    = {10},
  number    = {4},
  year      = {2014},
  url       = {http://dx.doi.org/10.2168/LMCS-10(4:9)2014},
  doi       = {10.2168/LMCS-10(4:9)2014},
  timestamp = {Mon, 05 Jan 2015 16:52:14 +0100},
  biburl    = {http://dblp.uni-trier.de/rec/bib/journals/corr/BauerP13},
  bibsource = {dblp computer science bibliography, http://dblp.org}
}

@article{Pretnar2014,
  author    = {Matija Pretnar},
  title     = {Inferring Algebraic Effects},
  journal   = {Logical Methods in Computer Science},
  volume    = 10,
  number    = 3,
  year      = 2014,
  url       = {http://dx.doi.org/10.2168/LMCS-10(3:21)2014},
  OPTdoi       = {10.2168/LMCS-10(3:21)2014},
  timestamp = {Tue, 07 Oct 2014 17:26:24 +0200},
  biburl    = {http://dblp.uni-trier.de/rec/bib/journals/corr/Pretnar13},
  bibsource = {dblp computer science bibliography, http://dblp.org}
}


@inproceedings{Wu2015,
  author    = {Nicolas Wu and
               Tom Schrijvers},
  editor    = {Ralf Hinze and
               Janis Voigtl{\"{a}}nder},
  title     = {Fusion for Free - Efficient Algebraic Effect Handlers},
  booktitle = {Mathematics of Program Construction - 12th International Conference,
               {MPC} 2015, K{\"{o}}nigswinter, Germany, June 29 - July 1, 2015.
               Proceedings},
  series    = {Lecture Notes in Computer Science},
  volume    = {9129},
  pages     = {302--322},
  publisher = {Springer},
  year      = {2015},
  url       = {http://dx.doi.org/10.1007/978-3-319-19797-5_15},
  OPTdoi       = {10.1007/978-3-319-19797-5_15},
  timestamp = {Tue, 09 Jun 2015 13:13:03 +0200},
  biburl    = {http://dblp.uni-trier.de/rec/bib/conf/mpc/WuS15},
  bibsource = {dblp computer science bibliography, http://dblp.org}
}

@article{Benton2001,
  author    = {Nick Benton and Andrew Kennedy},
  title     = {Exceptional Syntax},
  journal   = {J. Funct. Program.},
  volume    = {11},
  number    = {4},
  year      = {2001},
  pages  = {395--410},
  ee        = {http://dx.doi.org/10.1017/S0956796801004099},
  bibsource = {DBLP, http://dblp.uni-trier.de}
}

@inproceedings{Brady2013,
  author    = {Edwin Brady},
  title     = {Programming and Reasoning with Algebraic Effects and Dependent Types},
  booktitle = {ICFP},
  publisher = {ACM},
  year      = {2013},
}

# References on Links
@inproceedings{Cooper2006,
  author    = {Ezra Cooper and
               Sam Lindley and
               Philip Wadler and
               Jeremy Yallop},
  editor    = {Frank S. de Boer and
               Marcello M. Bonsangue and
               Susanne Graf and
               Willem P. de Roever},
  title     = {Links: Web Programming Without Tiers},
  booktitle = {Formal Methods for Components and Objects, 5th International Symposium,
               {FMCO} 2006, Amsterdam, The Netherlands, November 7-10, 2006, Revised
               Lectures},
  series    = {Lecture Notes in Computer Science},
  volume    = {4709},
  pages     = {266--296},
  publisher = {Springer},
  year      = {2006},
  url       = {http://dx.doi.org/10.1007/978-3-540-74792-5_12},
  OPTdoi       = {10.1007/978-3-540-74792-5_12},
  timestamp = {Thu, 07 Aug 2008 14:36:41 +0200},
  biburl    = {http://dblp.uni-trier.de/rec/bib/conf/fmco/CooperLWY06},
  bibsource = {dblp computer science bibliography, http://dblp.org}
}

@inproceedings{Lindley2012,
  author    = {Sam Lindley and
               James Cheney},
  editor    = {Benjamin C. Pierce},
  title     = {Row-based effect types for database integration},
  booktitle = {Proceedings of {TLDI} 2012: The Seventh {ACM} {SIGPLAN} Workshop on
               Types in Languages Design and Implementation, Philadelphia, PA, USA,
               Saturday, January 28, 2012},
  pages     = {91--102},
  publisher = {{ACM}},
  year      = {2012},
  url       = {http://doi.acm.org/10.1145/2103786.2103798},
  OPTdoi       = {10.1145/2103786.2103798},
  timestamp = {Fri, 18 May 2012 21:47:05 +0200},
  biburl    = {http://dblp.uni-trier.de/rec/bib/conf/tldi/LindleyC12},
  bibsource = {dblp computer science bibliography, http://dblp.org}
}

# Related work on effects
@inproceedings{Kiselyov2013,
  author    = {Oleg Kiselyov and
               Amr Sabry and
               Cameron Swords},
  editor    = {Chung{-}chieh Shan},
  title     = {Extensible effects: an alternative to monad transformers},
  booktitle = {Proceedings of the 2013 {ACM} {SIGPLAN} Symposium on Haskell, Boston,
               MA, USA, September 23-24, 2013},
  pages     = {59--70},
  publisher = {{ACM}},
  year      = {2013},
  url       = {http://doi.acm.org/10.1145/2503778.2503791},
  OPTdoi       = {10.1145/2503778.2503791},
  timestamp = {Thu, 19 Sep 2013 11:34:51 +0200},
  biburl    = {http://dblp.uni-trier.de/rec/bib/conf/haskell/KiselyovSS13},
  bibsource = {dblp computer science bibliography, http://dblp.org}
}

@inproceedings{Kiselyov2015,
  author    = {Oleg Kiselyov and
               Hiromi Ishii},
  editor    = {Ben Lippmeier},
  title     = {Freer monads, more extensible effects},
  booktitle = {Proceedings of the 8th {ACM} {SIGPLAN} Symposium on Haskell, Haskell
               2015, Vancouver, BC, Canada, September 3-4, 2015},
  pages     = {94--105},
  publisher = {{ACM}},
  year      = {2015},
  url       = {http://doi.acm.org/10.1145/2804302.2804319},
  OPTdoi       = {10.1145/2804302.2804319},
  timestamp = {Tue, 08 Sep 2015 17:07:32 +0200},
  biburl    = {http://dblp.uni-trier.de/rec/bib/conf/haskell/KiselyovI15},
  bibsource = {dblp computer science bibliography, http://dblp.org}
}

@article{Wadler2003,
  author    = {Philip Wadler and
               Peter Thiemann},
  title     = {The marriage of effects and monads},
  journal   = {{ACM} Trans. Comput. Log.},
  volume    = {4},
  number    = {1},
  pages     = {1--32},
  year      = {2003},
  url       = {http://doi.acm.org/10.1145/601775.601776},
  OPTdoi       = {10.1145/601775.601776},
  timestamp = {Fri, 21 Nov 2003 08:34:42 +0100},
  biburl    = {http://dblp.uni-trier.de/rec/bib/journals/tocl/WadlerT03},
  bibsource = {dblp computer science bibliography, http://dblp.org}
}

@inproceedings{Moggi1989,
  author    = {Eugenio Moggi},
  title     = {Computational Lambda-Calculus and Monads},
  booktitle = {Proceedings of the Fourth Annual Symposium on Logic in Computer Science
               {(LICS} '89), Pacific Grove, California, USA, June 5-8, 1989},
  pages     = {14--23},
  publisher = {{IEEE} Computer Society},
  year      = {1989},
  url       = {http://dx.doi.org/10.1109/LICS.1989.39155},
  OPTdoi       = {10.1109/LICS.1989.39155},
  timestamp = {Thu, 22 Jan 2015 09:24:52 +0100},
  biburl    = {http://dblp.uni-trier.de/rec/bib/conf/lics/Moggi89},
  bibsource = {dblp computer science bibliography, http://dblp.org}
}

@inproceedings{Wadler1995,
  author    = {Philip Wadler},
  editor    = {Johan Jeuring and
               Erik Meijer},
  title     = {Monads for Functional Programming},
  booktitle = {Advanced Functional Programming, First International Spring School
               on Advanced Functional Programming Techniques, B{\aa}stad, Sweden,
               May 24-30, 1995, Tutorial Text},
  series    = {Lecture Notes in Computer Science},
  volume    = {925},
  pages     = {24--52},
  publisher = {Springer},
  year      = {1995},
  url       = {http://dx.doi.org/10.1007/3-540-59451-5_2},
  OPTdoi       = {10.1007/3-540-59451-5_2},
  timestamp = {Tue, 14 Jun 2011 20:30:22 +0200},
  biburl    = {http://dblp.uni-trier.de/rec/bib/conf/afp/Wadler95},
  bibsource = {dblp computer science bibliography, http://dblp.org}
}

@inproceedings{Liang1995,
  author    = {Sheng Liang and
               Paul Hudak and
               Mark P. Jones},
  editor    = {Ron K. Cytron and
               Peter Lee},
  title     = {Monad Transformers and Modular Interpreters},
  booktitle = {Conference Record of POPL'95: 22nd {ACM} {SIGPLAN-SIGACT} Symposium
               on Principles of Programming Languages, San Francisco, California,
               USA, January 23-25, 1995},
  pages     = {333--343},
  publisher = {{ACM} Press},
  year      = {1995},
  url       = {http://doi.acm.org/10.1145/199448.199528},
  OPTdoi       = {10.1145/199448.199528},
  timestamp = {Mon, 10 Dec 2012 15:26:39 +0100},
  biburl    = {http://dblp.uni-trier.de/rec/bib/conf/popl/LiangHJ95},
  bibsource = {dblp computer science bibliography, http://dblp.org}
}

# References on Frank
@MISC{McBride2014,
 author = {Sam Lindley and Conor McBride},
 title  = {Do Be Do Be Do},
 year   = 2014,
 url    = {http://homepages.inf.ed.ac.uk/slindley/papers/frankly-draft-march2014.pdf},
 note   = {Draft, March 2014}
}

# Delimited control
@inproceedings{Danvy1990,
  author    = {Olivier Danvy and
               Andrzej Filinski},
  title     = {Abstracting Control},
  booktitle = {LFP},
  year      = {1990},
  OPTpages  = {151-160},
  ee        = {http://doi.acm.org/10.1145/91556.91622},
  publisher = {ACM},
  bibsource = {DBLP, http://dblp.uni-trier.de}
}

@inproceedings{Bruggeman1996,
  title={Representing control in the presence of one-shot continuations},
  author={Bruggeman, Carl and Waddell, Oscar and Dybvig, R Kent},
  booktitle={ACM SIGPLAN Notices},
  volume={31},
  number={5},
  pages={99--107},
  year={1996},
  organization={ACM}
}

# A-normal form
@InProceedings{Flanagan1993,
 author = {Cormac Flanagan and Amr Sabry and Bruce F. Duba and Matthias Felleisen},
 title = {The Essence of Compiling with Continuations},
 booktitle = {Proceedings of the ACM SIGPLAN 1993 Conference on Programming Language Design and Implementation},
 series = {PLDI '93},
 year = {1993},
 isbn = {0-89791-598-4},
 location = {Albuquerque, New Mexico, USA},
 pages = {237--247},
 numpages = {11},
 url = {http://doi.acm.org/10.1145/155090.155113},
 OPTdoi = {10.1145/155090.155113},
 acmid = {155113},
 publisher = {ACM},
 address = {New York, NY, USA},
}

@inproceedings{Sabry1996,
  author    = {Amr Sabry and
               Philip Wadler},
  editor    = {Robert Harper and
               Richard L. Wexelblat},
  title     = {A Reflection on Call-by-Value},
  booktitle = {Proceedings of the 1996 {ACM} {SIGPLAN} International Conference on
               Functional Programming {(ICFP} '96), Philadelphia, Pennsylvania, May
               24-26, 1996.},
  pages     = {13--24},
  publisher = {{ACM}},
  year      = {1996},
  url       = {http://doi.acm.org/10.1145/232627.232631},
  OPTdoi       = {10.1145/232627.232631},
  timestamp = {Tue, 11 Jun 2013 13:54:16 +0200},
  biburl    = {http://dblp.uni-trier.de/rec/bib/conf/icfp/SabryW96},
  bibsource = {dblp computer science bibliography, http://dblp.org}
}

@inproceedings{Kennedy2007,
  author    = {Andrew Kennedy},
  editor    = {Ralf Hinze and
               Norman Ramsey},
  title     = {Compiling with continuations, continued},
  booktitle = {Proceedings of the 12th {ACM} {SIGPLAN} International Conference on
               Functional Programming, {ICFP} 2007, Freiburg, Germany, October 1-3,
               2007},
  pages     = {177--190},
  publisher = {{ACM}},
  year      = {2007},
  url       = {http://doi.acm.org/10.1145/1291151.1291179},
  OPTdoi       = {10.1145/1291151.1291179},
  timestamp = {Tue, 06 Nov 2007 12:48:33 +0100},
  biburl    = {http://dblp.uni-trier.de/rec/bib/conf/icfp/Kennedy07},
  bibsource = {dblp computer science bibliography, http://dblp.org}
}


# Multicore OCaml
@misc{Dolan2015,
  title = {Effective Concurrency through Algebraic Effects},
  author = {Stephen Dolan and Leo White and KC Sivaramakrishnan and Jeremy Yallop and Anil Madhavapeddy},
  year = {2015},
  month = {9},
  note = {OCaml Workshop}
}

# Free monads
@article{Swierstra2008b,
  author    = {Wouter Swierstra},
  title     = {Data types {\`{a}} la carte},
  journal   = {J. Funct. Program.},
  volume    = 18,
  number    = 4,
  pages     = {423--436},
  year      = 2008,
  url       = {http://dx.doi.org/10.1017/S0956796808006758},
  OPTdoi       = {10.1017/S0956796808006758},
  timestamp = {Fri, 21 Nov 2008 12:47:10 +0100},
  biburl    = {http://dblp.uni-trier.de/rec/bib/journals/jfp/Swierstra08},
  bibsource = {dblp computer science bibliography, http://dblp.org}
}

# Swierstra's PhD thesis
@phdthesis{Swierstra2008a,
 Author = {Wouter Swierstra},
 Month = {November},
 School = {University of Nottingham},
 Title = {A Functional Specification of Effects},
 Year = {2008}
}

# CEK
@InProceedings{Felleisen1986,
  title={Control Operators, the SECD-machine, and the $\lambda$-Calculus},
  author={Felleisen, Matthias and Friedman, Daniel P.},
  year=1987,
  booktitle = {The Proceedings of the Conference on Formal Description of Programming Concepts III, Ebberup, Denmark},
  pages     = {193--217},
  publisher={Elsevier}
}


# Misc
@article{Bouton1901,
  title={Nim, a game with a complete mathematical theory},
  author={Bouton, Charles L},
  journal={The Annals of Mathematics},
  volume={3},
  number={1/4},
  pages={35--39},
  year={1901},
  publisher={JSTOR}
}

@misc{Kammar2015,
  title={No value restriction is needed for algebraic effects and handlers},
  author={Kammar, Ohad and Pretnar, Matija},
  year=2015,
  month={November},
  note={Draft}
}
  

# fine-grained call-by-value
@article{LevyPT03,
  author    = {Paul Blain Levy and
               John Power and
               Hayo Thielecke},
  title     = {Modelling environments in call-by-value programming languages},
  journal   = {Inf. Comput.},
  volume    = {185},
  number    = {2},
  pages     = {182--210},
  year      = {2003},
  OPTurl       = {http://dx.doi.org/10.1016/S0890-5401(03)00088-9},
  OPTdoi       = {10.1016/S0890-5401(03)00088-9},
  timestamp = {Thu, 20 Nov 2003 12:03:17 +0100},
  biburl    = {http://dblp.uni-trier.de/rec/bib/journals/iandc/LevyPT03},
  bibsource = {dblp computer science bibliography, http://dblp.org}
}

# Links compiler
@unpublished{Hol09,
  author = {Steven Holmes},
  title = {Compiling {Links} server-side code},
  year = 2009,
  note = {Bachelor thesis, The University of Edinburgh},
}

# parameterised monads
@article{Atkey09,
  author    = {Robert Atkey},
  title     = {Parameterised notions of computation},
  journal   = {J. Funct. Program.},
  volume    = {19},
  number    = {3-4},
  pages     = {335--376},
  year      = {2009},
  url       = {http://dx.doi.org/10.1017/S095679680900728X},
  OPTdoi       = {10.1017/S095679680900728X},
  timestamp = {Mon, 21 Dec 2009 10:26:15 +0100},
  biburl    = {http://dblp.uni-trier.de/rec/bib/journals/jfp/Atkey09},
  bibsource = {dblp computer science bibliography, http://dblp.org}
}

# Koka
@inproceedings{Leijen14,
  author    = {Daan Leijen},
  title     = {Koka: Programming with Row Polymorphic Effect Types},
  booktitle = {Proceedings 5th Workshop on Mathematically Structured Functional Programming,
               {MSFP} 2014, Grenoble, France, 12 April 2014.},
  pages     = {100--126},
  year      = {2014},
  crossref  = {DBLP:journals/corr/LevyK14},
  url       = {http://dx.doi.org/10.4204/EPTCS.153.8},
  OPTdoi       = {10.4204/EPTCS.153.8},
  timestamp = {Tue, 01 Jul 2014 17:30:23 +0200},
  biburl    = {http://dblp.uni-trier.de/rec/bib/journals/corr/Leijen14},
  bibsource = {dblp computer science bibliography, http://dblp.org}
}

@proceedings{DBLP:journals/corr/LevyK14,
  editor    = {Paul Levy and
               Neel Krishnaswami},
  title     = {Proceedings 5th Workshop on Mathematically Structured Functional Programming,
               {MSFP} 2014, Grenoble, France, 12 April 2014},
  series    = {{EPTCS}},
  volume    = {153},
  year      = {2014},
  url       = {http://dx.doi.org/10.4204/EPTCS.153},
  OPTdoi       = {10.4204/EPTCS.153},
  timestamp = {Tue, 01 Jul 2014 17:30:23 +0200},
  biburl    = {http://dblp.uni-trier.de/rec/bib/journals/corr/LevyK14},
  bibsource = {dblp computer science bibliography, http://dblp.org}
}

# Row typing for exceptions
@inproceedings{BlumeAC08,
  author    = {Matthias Blume and
               Umut A. Acar and
               Wonseok Chae},
  editor    = {G. Ramalingam},
  title     = {Exception Handlers as Extensible Cases},
  booktitle = {Programming Languages and Systems, 6th Asian Symposium, {APLAS} 2008,
               Bangalore, India, December 9-11, 2008. Proceedings},
  series    = {Lecture Notes in Computer Science},
  volume    = {5356},
  pages     = {273--289},
  publisher = {Springer},
  year      = {2008},
  url       = {http://dx.doi.org/10.1007/978-3-540-89330-1_20},
  OPTdoi       = {10.1007/978-3-540-89330-1_20},
  timestamp = {Sun, 30 Nov 2008 11:25:03 +0100},
  biburl    = {http://dblp.uni-trier.de/rec/bib/conf/aplas/BlumeAC08},
  bibsource = {dblp computer science bibliography, http://dblp.org}
}

@article{LeroyP00,
  author    = {Xavier Leroy and
               Fran{\c{c}}ois Pessaux},
  title     = {Type-based analysis of uncaught exceptions},
  journal   = {{ACM} Trans. Program. Lang. Syst.},
  volume    = {22},
  number    = {2},
  pages     = {340--377},
  year      = {2000},
  url       = {http://doi.acm.org/10.1145/349214.349230},
  OPTdoi       = {10.1145/349214.349230},
  timestamp = {Wed, 26 Nov 2003 14:26:45 +0100},
  biburl    = {http://dblp.uni-trier.de/rec/bib/journals/toplas/LeroyP00},
  bibsource = {dblp computer science bibliography, http://dblp.org}
}

# traditional effect typing
@article{TalpinJ94,
  author    = {Jean{-}Pierre Talpin and
               Pierre Jouvelot},
  title     = {The Type and Effect Discipline},
  journal   = {Inf. Comput.},
  volume    = {111},
  number    = {2},
  pages     = {245--296},
  year      = {1994},
  url       = {http://dx.doi.org/10.1006/inco.1994.1046},
  OPTdoi       = {10.1006/inco.1994.1046},
  timestamp = {Wed, 06 Jul 2011 21:23:54 +0200},
  biburl    = {http://dblp.uni-trier.de/rec/bib/journals/iandc/TalpinJ94},
  bibsource = {dblp computer science bibliography, http://dblp.org}
}

@inproceedings{LucassenG88,
  author    = {John M. Lucassen and
               David K. Gifford},
  editor    = {Jeanne Ferrante and
               P. Mager},
  title     = {Polymorphic Effect Systems},
  booktitle = {Conference Record of the Fifteenth Annual {ACM} Symposium on Principles
               of Programming Languages, San Diego, California, USA, January 10-13,
               1988},
  pages     = {47--57},
  publisher = {{ACM} Press},
  year      = {1988},
  url       = {http://doi.acm.org/10.1145/73560.73564},
  OPTdoi       = {10.1145/73560.73564},
  timestamp = {Mon, 21 May 2012 16:19:51 +0200},
  biburl    = {http://dblp.uni-trier.de/rec/bib/conf/popl/LucassenG88},
  bibsource = {dblp computer science bibliography, http://dblp.org}
}

@inproceedings{GiffordL86,
  author    = {David K. Gifford and
               John M. Lucassen},
  title     = {Integrating Functional and Imperative Programming},
  booktitle = {{LISP} and Functional Programming},
  pages     = {28--38},
  year      = {1986},
  timestamp = {Mon, 16 Dec 2002 13:21:03 +0100},
  biburl    = {http://dblp.uni-trier.de/rec/bib/conf/lfp/GiffordL86},
  bibsource = {dblp computer science bibliography, http://dblp.org}
}

# type-level quicksort to order effects
@inproceedings{OrchardP14,
  author    = {Dominic A. Orchard and
               Tomas Petricek},
  editor    = {Wouter Swierstra},
  title     = {Embedding effect systems in Haskell},
  booktitle = {Proceedings of the 2014 {ACM} {SIGPLAN} symposium on Haskell, Gothenburg,
               Sweden, September 4-5, 2014},
  pages     = {13--24},
  publisher = {{ACM}},
  year      = {2014},
  url       = {http://doi.acm.org/10.1145/2633357.2633368},
  doi       = {10.1145/2633357.2633368},
  timestamp = {Mon, 08 Sep 2014 16:12:17 +0200},
  biburl    = {http://dblp.uni-trier.de/rec/bib/conf/haskell/OrchardP14},
  bibsource = {dblp computer science bibliography, http://dblp.org}
}

% data types a la carte improvments
@inproceedings{Morris15,
  author    = {J. Garrett Morris},
  editor    = {Ben Lippmeier},
  title     = {Variations on variants},
  booktitle = {Proceedings of the 8th {ACM} {SIGPLAN} Symposium on Haskell, Haskell
               2015, Vancouver, BC, Canada, September 3-4, 2015},
  pages     = {71--81},
  publisher = {{ACM}},
  year      = {2015},
  url       = {http://doi.acm.org/10.1145/2804302.2804320},
  OPTdoi       = {10.1145/2804302.2804320},
  timestamp = {Tue, 08 Sep 2015 17:07:32 +0200},
  biburl    = {http://dblp.uni-trier.de/rec/bib/conf/haskell/Morris15},
  bibsource = {dblp computer science bibliography, http://dblp.org}
}

@inproceedings{MorrisJ10,
  author    = {J. Garrett Morris and
               Mark P. Jones},
  editor    = {Paul Hudak and
               Stephanie Weirich},
  title     = {Instance chains: type class programming without overlapping instances},
  booktitle = {Proceeding of the 15th {ACM} {SIGPLAN} international conference on
               Functional programming, {ICFP} 2010, Baltimore, Maryland, USA, September
               27-29, 2010},
  pages     = {375--386},
  publisher = {{ACM}},
  year      = {2010},
  url       = {http://doi.acm.org/10.1145/1863543.1863596},
  doi       = {10.1145/1863543.1863596},
  timestamp = {Fri, 08 Oct 2010 07:51:48 +0200},
  biburl    = {http://dblp.uni-trier.de/rec/bib/conf/icfp/MorrisJ10},
  bibsource = {dblp computer science bibliography, http://dblp.org}
}

# dependent types in Haskell
@inproceedings{YorgeyWCJVM12,
  author    = {Brent A. Yorgey and
               Stephanie Weirich and
               Julien Cretin and
               Simon L. Peyton Jones and
               Dimitrios Vytiniotis and
               Jos{\'{e}} Pedro Magalh{\~{a}}es},
  title     = {Giving Haskell a promotion},
  booktitle = {Proceedings of {TLDI} 2012: The Seventh {ACM} {SIGPLAN} Workshop on
               Types in Languages Design and Implementation, Philadelphia, PA, USA,
               Saturday, January 28, 2012},
  pages     = {53--66},
  year      = {2012},
  crossref  = {DBLP:conf/tldi/2012},
  url       = {http://doi.acm.org/10.1145/2103786.2103795},
  OPTdoi       = {10.1145/2103786.2103795},
  timestamp = {Fri, 18 May 2012 21:47:05 +0200},
  biburl    = {http://dblp.uni-trier.de/rec/bib/conf/tldi/YorgeyWCJVM12},
  bibsource = {dblp computer science bibliography, http://dblp.org}
}

@proceedings{DBLP:conf/tldi/2012,
  editor    = {Benjamin C. Pierce},
  title     = {Proceedings of {TLDI} 2012: The Seventh {ACM} {SIGPLAN} Workshop on
               Types in Languages Design and Implementation, Philadelphia, PA, USA,
               Saturday, January 28, 2012},
  publisher = {{ACM}},
  year      = {2012},
  url       = {http://dl.acm.org/citation.cfm?id=2103786},
  OPTisbn      = {978-1-4503-1120-5},
  timestamp = {Fri, 18 May 2012 21:46:11 +0200},
  biburl    = {http://dblp.uni-trier.de/rec/bib/conf/tldi/2012},
  bibsource = {dblp computer science bibliography, http://dblp.org}
}

@misc{McBride2016,
  title={Shonky},
  author={Conor McBride},
  year=2016,
  note={\url{https://github.com/pigworker/shonky}}
}

# References on parallelism / concurrency
@article{Sutter2005,
    author = {Sutter, Herb},
    journal = {Dr. Dobb's journal},
    number = {3},
    pages = {202--210},
    priority = {2},
    title = {{The free lunch is over: A fundamental turn toward concurrency in software}},
    volume = {30},
    year = {2005}
}
