@inproceedings{HillerstromL16,
  author    = {Daniel Hillerström and
               Sam Lindley},
  title     = {Liberating Effects with Rows and Handlers},
  booktitle = {{TyDe'16}},
  pages     = {15--27},
  publisher = {{ACM}},
  year      = {2016},
  month     = sep
}

@misc{HillerstromLS16,
  author    = {Daniel Hillerström and
               Sam Lindley and
	       KC Sivaramakrishnan},
  title     = {Compiling {Links} Effect Handlers to the {OCaml} Backend},
  howpublished = {{ML Workshop}},
  year      = {2016},
}

@misc{Hillerstrom16a,
  author = {Daniel Hillerström},
  title  = {First-Class Message-Passing Concurrency with Handlers},
  howpublished   = {Student Research Competition Entry},
  note = {Accepted to {ICFP SRC}},
  year   = {2016},
}

@MastersThesis{Hillerstrom16b,
    author     =     {Daniel Hillerström},
    title      =     {Compilation of Effect Handlers and their Applications in Concurrency},
    school     =     {School of Informatics, the University of Edinburgh},
    address    =     {Scotland},
    month      =     aug,
    year       =     2016
}

@article{SalehS16,
  author    = {Amr Hany Saleh and
               Tom Schrijvers},
  title     = {Efficient Algebraic Effect Handlers for {Prolog}},
  journal   = {CoRR},
  volume    = {abs/1608.00816},
  year      = {2016}
}

@inproceedings{WuS15,
  author    = {Nicolas Wu and
               Tom Schrijvers},
  title     = {Fusion for Free - Efficient Algebraic Effect Handlers},
  booktitle = {{MPC}},
  series    = {Lecture Notes in Computer Science},
  volume    = {9129},
  pages     = {302--322},
  publisher = {Springer},
  year      = {2015}
}

@inproceedings{KiselyovI15,
  author    = {Oleg Kiselyov and
               Hiromi Ishii},
  title     = {Freer monads, more extensible effects},
  booktitle = {Haskell},
  pages     = {94--105},
  publisher = {{ACM}},
  year      = 2015
}

@misc{DolanWSYM15,
  title = {{Effective Concurrency through Algebraic Effects}},
  author = {Stephen Dolan and Leo White and KC Sivaramakrishnan and Jeremy Yallop and Anil Madhavapeddy},
  year = {2015},
  month = {9},
  note = {OCaml Workshop}
}

@Misc{PlotkinP13,
  author    = {Gordon D. Plotkin and
               Matija Pretnar},
  title     = {Handling Algebraic Effects},
  howpublished  = {Logical Methods in Computer Science},
  year      = 2013
}

@TechReport{Leijen16,
  author = {Daan Leijen},
  title  = {Type Directed Compilation of Row-typed Algebraic Effects},
  year   = 2016,
  institution = {Microsoft Research},
  type   = {Technical report},
  url    = {https://www.microsoft.com/en-us/research/wp-content/uploads/2016/08/algeff-tr-2016-1.pdf}
}

@Misc{Sivaramakrishnan16,
  author = {KC Sivaramakrishnan},
  title  = {js\_of\_ocaml and algebraic effects},
  year   = 2016,
  month  = jan,
  note   = {YouTube video clip},
  url    = {https://www.youtube.com/watch?v=fqtM2-0-FOo}
}

@Misc{Markbaage16,
  author = {Sebasitian Markbaage and others},
  title = {One-shot Delimited Continuations with Effect Handlers},
  year  = 2016,
  note  = {Discussion about extending JavaScript with algebraic effect and handlers},
  url   = {https://mail.mozilla.org/pipermail/es-discuss/2016-March/045720.html}
}

@Misc{Markbaage16b,
  author = {Sebasitian Markbaage},
  title = {How React Fiber Works},
  year  = 2016,
  note  = {Facebook discussion},
  url   = {https://www.facebook.com/groups/2003630259862046/permalink/2054053404819731/}
}

@Misc{Oracle16,
  author = {{Oracle Corp.}},
  title  = {Graal -- New {JIT} Compiler and {Polyglot} Runtime for the {JVM}},
  year   = 2016,
  url    = {http://www.oracle.com/technetwork/oracle-labs/program-languages/overview/index.html}
}