@MISC{Hillerstrom2016,
  author = {Daniel Hillerstr√∂m and Sam Lindley},
  title  = {Liberating effects with rows and handlers},
  year   = 2016,
  month  = 3
}